<?xml version="1.0" encoding="UTF-8"?><collection xmlns="http://www.loc.gov/MARC21/slim"><record><leader>00375nam--2200133-i-4500</leader><controlfield tag="001">000008181</controlfield><controlfield tag="002">20161230</controlfield><controlfield tag="005">20161230201027</controlfield><controlfield tag="008">060222s1000------------r-----000-0-eng-d</controlfield><datafield ind1=" " ind2=" " tag="080"><subfield code="a">621.372.54</subfield></datafield><datafield ind1=" " ind2=" " tag="100"><subfield code="a">Christian, Erich And Eisenmann, Egon</subfield></datafield><datafield ind1=" " ind2=" " tag="245"><subfield code="a">Filter design tables and graphs</subfield></datafield><datafield ind1=" " ind2=" " tag="260"><subfield code="a">New York, John Wiley &amp; Sons, Inc., 1966. Ix + 310 P. + 1 Pl</subfield></datafield><datafield ind1=" " ind2=" " tag="852"><subfield code="a">27346</subfield></datafield></record></collection>